@inproceedings{plan-and-solve,
    title = "Plan-and-Solve Prompting: Improving Zero-Shot Chain-of-Thought Reasoning by Large Language Models",
    author = "Wang, Lei  and
      Xu, Wanyu  and
      Lan, Yihuai  and
      Hu, Zhiqiang  and
      Lan, Yunshi  and
      Lee, Roy Ka-Wei  and
      Lim, Ee-Peng",
    editor = "Rogers, Anna  and
      Boyd-Graber, Jordan  and
      Okazaki, Naoaki",
    booktitle = "Proceedings of the 61st Annual Meeting of the Association for Computational Linguistics (Volume 1: Long Papers)",
    month = jul,
    year = "2023",
    address = "Toronto, Canada",
    publisher = "Association for Computational Linguistics",
    url = "https://aclanthology.org/2023.acl-long.147",
    doi = "10.18653/v1/2023.acl-long.147",
    pages = "2609--2634",
}


@article{llm_bad_at_math,
  author       = {Jack W. Rae and
                  Sebastian Borgeaud and
                  Trevor Cai and
                  Katie Millican and
                  Jordan Hoffmann and
                  H. Francis Song and
                  John Aslanides and
                  Sarah Henderson and
                  Roman Ring and
                  Susannah Young and
                  Eliza Rutherford and
                  Tom Hennigan and
                  Jacob Menick and
                  Albin Cassirer and
                  Richard Powell and
                  George van den Driessche and
                  Lisa Anne Hendricks and
                  Maribeth Rauh and
                  Po{-}Sen Huang and
                  Amelia Glaese and
                  Johannes Welbl and
                  Sumanth Dathathri and
                  Saffron Huang and
                  Jonathan Uesato and
                  John Mellor and
                  Irina Higgins and
                  Antonia Creswell and
                  Nat McAleese and
                  Amy Wu and
                  Erich Elsen and
                  Siddhant M. Jayakumar and
                  Elena Buchatskaya and
                  David Budden and
                  Esme Sutherland and
                  Karen Simonyan and
                  Michela Paganini and
                  Laurent Sifre and
                  Lena Martens and
                  Xiang Lorraine Li and
                  Adhiguna Kuncoro and
                  Aida Nematzadeh and
                  Elena Gribovskaya and
                  Domenic Donato and
                  Angeliki Lazaridou and
                  Arthur Mensch and
                  Jean{-}Baptiste Lespiau and
                  Maria Tsimpoukelli and
                  Nikolai Grigorev and
                  Doug Fritz and
                  Thibault Sottiaux and
                  Mantas Pajarskas and
                  Toby Pohlen and
                  Zhitao Gong and
                  Daniel Toyama and
                  Cyprien de Masson d'Autume and
                  Yujia Li and
                  Tayfun Terzi and
                  Vladimir Mikulik and
                  Igor Babuschkin and
                  Aidan Clark and
                  Diego de Las Casas and
                  Aurelia Guy and
                  Chris Jones and
                  James Bradbury and
                  Matthew J. Johnson and
                  Blake A. Hechtman and
                  Laura Weidinger and
                  Iason Gabriel and
                  William Isaac and
                  Edward Lockhart and
                  Simon Osindero and
                  Laura Rimell and
                  Chris Dyer and
                  Oriol Vinyals and
                  Kareem Ayoub and
                  Jeff Stanway and
                  Lorrayne Bennett and
                  Demis Hassabis and
                  Koray Kavukcuoglu and
                  Geoffrey Irving},
  title        = {Scaling Language Models: Methods, Analysis {\&} Insights from
                  Training Gopher},
  journal      = {CoRR},
  volume       = {abs/2112.11446},
  year         = {2021},
  url          = {https://arxiv.org/abs/2112.11446},
  eprinttype    = {arXiv},
  eprint       = {2112.11446},
  timestamp    = {Sat, 02 Dec 2023 13:23:51 +0100},
  biburl       = {https://dblp.org/rec/journals/corr/abs-2112-11446.bib},
  bibsource    = {dblp computer science bibliography, https://dblp.org}
}

@inproceedings{CoT,
 author = {Wei, Jason and Wang, Xuezhi and Schuurmans, Dale and Bosma, Maarten and ichter, brian and Xia, Fei and Chi, Ed and Le, Quoc V and Zhou, Denny},
 booktitle = {Advances in Neural Information Processing Systems},
 editor = {S. Koyejo and S. Mohamed and A. Agarwal and D. Belgrave and K. Cho and A. Oh},
 pages = {24824--24837},
 publisher = {Curran Associates, Inc.},
 title = {Chain-of-Thought Prompting Elicits Reasoning in Large Language Models},
 url = {https://proceedings.neurips.cc/paper_files/paper/2022/file/9d5609613524ecf4f15af0f7b31abca4-Paper-Conference.pdf},
 volume = {35},
 year = {2022}
}

@inproceedings{few_shot_gpt3,
 author = {Brown, Tom and Mann, Benjamin and Ryder, Nick and Subbiah, Melanie and Kaplan, Jared D and Dhariwal, Prafulla and Neelakantan, Arvind and Shyam, Pranav and Sastry, Girish and Askell, Amanda and Agarwal, Sandhini and Herbert-Voss, Ariel and Krueger, Gretchen and Henighan, Tom and Child, Rewon and Ramesh, Aditya and Ziegler, Daniel and Wu, Jeffrey and Winter, Clemens and Hesse, Chris and Chen, Mark and Sigler, Eric and Litwin, Mateusz and Gray, Scott and Chess, Benjamin and Clark, Jack and Berner, Christopher and McCandlish, Sam and Radford, Alec and Sutskever, Ilya and Amodei, Dario},
 booktitle = {Advances in Neural Information Processing Systems},
 editor = {H. Larochelle and M. Ranzato and R. Hadsell and M.F. Balcan and H. Lin},
 pages = {1877--1901},
 publisher = {Curran Associates, Inc.},
 title = {Language Models are Few-Shot Learners},
 url = {https://proceedings.neurips.cc/paper_files/paper/2020/file/1457c0d6bfcb4967418bfb8ac142f64a-Paper.pdf},
 volume = {33},
 year = {2020}
}
@inproceedings{yao2023tree,
 author = {Yao, Shunyu and Yu, Dian and Zhao, Jeffrey and Shafran, Izhak and Griffiths, Tom and Cao, Yuan and Narasimhan, Karthik},
 booktitle = {Advances in Neural Information Processing Systems},
 editor = {A. Oh and T. Neumann and A. Globerson and K. Saenko and M. Hardt and S. Levine},
 pages = {11809--11822},
 publisher = {Curran Associates, Inc.},
 title = {Tree of Thoughts: Deliberate Problem Solving with Large Language Models},
 url = {https://proceedings.neurips.cc/paper_files/paper/2023/file/271db9922b8d1f4dd7aaef84ed5ac703-Paper-Conference.pdf},
 volume = {36},
 year = {2023}
}

@misc{besta2024graph,
      title={Graph of Thoughts: Solving Elaborate Problems with Large Language Models}, 
      author={Maciej Besta and Nils Blach and Ales Kubicek and Robert Gerstenberger and Michal Podstawski and Lukas Gianinazzi and Joanna Gajda and Tomasz Lehmann and Hubert Niewiadomski and Piotr Nyczyk and Torsten Hoefler},
      year={2024},
      eprint={2308.09687},
      archivePrefix={arXiv},
      primaryClass={cs.CL}
}

@misc{promptbreeder,
      title={Promptbreeder: Self-Referential Self-Improvement Via Prompt Evolution}, 
      author={Chrisantha Fernando and Dylan Banarse and Henryk Michalewski and Simon Osindero and Tim Rockt√§schel},
      year={2023},
      eprint={2309.16797},
      archivePrefix={arXiv},
      primaryClass={cs.CL}
}

@article{bigbench,
  title={Beyond the Imitation Game: Quantifying and extrapolating the capabilities of language models},
  author={BIG-bench authors},
  journal={Transactions on Machine Learning Research},
  issn={2835-8856},
  year={2023},
  url={https://openreview.net/forum?id=uyTL5Bvosj},
  note={}
}

@inproceedings{commonsenseqa,
    title = "{C}ommonsense{QA}: A Question Answering Challenge Targeting Commonsense Knowledge",
    author = "Talmor, Alon  and
      Herzig, Jonathan  and
      Lourie, Nicholas  and
      Berant, Jonathan",
    editor = "Burstein, Jill  and
      Doran, Christy  and
      Solorio, Thamar",
    booktitle = "Proceedings of the 2019 Conference of the North {A}merican Chapter of the Association for Computational Linguistics: Human Language Technologies, Volume 1 (Long and Short Papers)",
    month = jun,
    year = "2019",
    address = "Minneapolis, Minnesota",
    publisher = "Association for Computational Linguistics",
    url = "https://aclanthology.org/N19-1421",
    doi = "10.18653/v1/N19-1421",
    pages = "4149--4158",
}

@misc{llama2,
      title={Llama 2: Open Foundation and Fine-Tuned Chat Models}, 
      author={Hugo Touvron and Louis Martin and Kevin Stone and Peter Albert and Amjad Almahairi and Yasmine Babaei and Nikolay Bashlykov and Soumya Batra and Prajjwal Bhargava and Shruti Bhosale and Dan Bikel and Lukas Blecher and Cristian Canton Ferrer and Moya Chen and Guillem Cucurull and David Esiobu and Jude Fernandes and Jeremy Fu and Wenyin Fu and Brian Fuller and Cynthia Gao and Vedanuj Goswami and Naman Goyal and Anthony Hartshorn and Saghar Hosseini and Rui Hou and Hakan Inan and Marcin Kardas and Viktor Kerkez and Madian Khabsa and Isabel Kloumann and Artem Korenev and Punit Singh Koura and Marie-Anne Lachaux and Thibaut Lavril and Jenya Lee and Diana Liskovich and Yinghai Lu and Yuning Mao and Xavier Martinet and Todor Mihaylov and Pushkar Mishra and Igor Molybog and Yixin Nie and Andrew Poulton and Jeremy Reizenstein and Rashi Rungta and Kalyan Saladi and Alan Schelten and Ruan Silva and Eric Michael Smith and Ranjan Subramanian and Xiaoqing Ellen Tan and Binh Tang and Ross Taylor and Adina Williams and Jian Xiang Kuan and Puxin Xu and Zheng Yan and Iliyan Zarov and Yuchen Zhang and Angela Fan and Melanie Kambadur and Sharan Narang and Aurelien Rodriguez and Robert Stojnic and Sergey Edunov and Thomas Scialom},
      year={2023},
      eprint={2307.09288},
      archivePrefix={arXiv},
      primaryClass={cs.CL}
}

@misc{kojima2023large,
      title={Large Language Models are Zero-Shot Reasoners}, 
      author={Takeshi Kojima and Shixiang Shane Gu and Machel Reid and Yutaka Matsuo and Yusuke Iwasawa},
      year={2023},
      eprint={2205.11916},
      archivePrefix={arXiv},
      primaryClass={cs.CL}
}

@misc{wang2023planandsolve,
      title={Plan-and-Solve Prompting: Improving Zero-Shot Chain-of-Thought Reasoning by Large Language Models}, 
      author={Lei Wang and Wanyu Xu and Yihuai Lan and Zhiqiang Hu and Yunshi Lan and Roy Ka-Wei Lee and Ee-Peng Lim},
      year={2023},
      eprint={2305.04091},
      archivePrefix={arXiv},
      primaryClass={cs.CL}
}